<?xml version="1.0" encoding="UTF-8"?>
<record xmlns="http://www.loc.gov/MARC21/slim" xmlns:xsi="http://www.w3.org/2001/XMLSchema-instance" xsi:schemaLocation="http://www.loc.gov/MARC21/slim http://www.loc.gov/standards/marcxml/schema/MARC21slim.xsd">
<leader>00000cam a22      a 4500</leader>
<controlfield tag="001">002046840</controlfield>
<controlfield tag="003">NNU</controlfield>
<controlfield tag="005">20150612165437.0</controlfield>
<controlfield tag="008">860225s1981    ir h     b    001 0carar</controlfield>
<datafield tag="010" ind1=" " ind2=" ">
<subfield code="a">   86122934</subfield>
</datafield>
<datafield tag="035" ind1=" " ind2=" ">
<subfield code="a">(OCoLC)16129652</subfield>
<subfield code="z">(OCoLC)17381615</subfield>
</datafield>
<datafield tag="040" ind1=" " ind2=" ">
<subfield code="a">DLC</subfield>
<subfield code="b">eng</subfield>
<subfield code="c">DLC</subfield>
<subfield code="d">CUY</subfield>
<subfield code="d">IUL</subfield>
<subfield code="d">ZWZ</subfield>
<subfield code="d">OCLCA</subfield>
<subfield code="d">OCLCQ</subfield>
<subfield code="d">OCLCF</subfield>
<subfield code="d">CLU</subfield>
<subfield code="d">OCLCO</subfield>
<subfield code="d">NNU</subfield>
</datafield>
<datafield tag="050" ind1="0" ind2="0">
<subfield code="a">BP70</subfield>
<subfield code="b">.A28 1981</subfield>
</datafield>
<datafield tag="100" ind1="1" ind2=" ">
<subfield code="6">880-01</subfield>
<subfield code="a">Afandī, ʻAbd Allāh ibn ʻĪsá,</subfield>
<subfield code="d">-approximately 1718.</subfield>
</datafield>
<datafield tag="245" ind1="1" ind2="0">
<subfield code="6">880-02</subfield>
<subfield code="a">Riyāḍ al-ʻulamāʼ wa-ḥiyāḍ al-fuḍalāʼ /</subfield>
<subfield code="c">ʻAbd Allāh Afandī al-Iṣbahānī ; taḥqīq Aḥmad al-Ḥusaynī.</subfield>
</datafield>
<datafield tag="260" ind1=" " ind2=" ">
<subfield code="6">880-03</subfield>
<subfield code="a">[Qum] :</subfield>
<subfield code="b">[Maktabat Āyat Allāh al-Marʻashī al-ʻĀmmah],</subfield>
<subfield code="c">[1401 i.e. 1981]</subfield>
</datafield>
<datafield tag="300" ind1=" " ind2=" ">
<subfield code="a">6 volumes :</subfield>
<subfield code="b">facsimiles ;</subfield>
<subfield code="c">25 cm.</subfield>
</datafield>
<datafield tag="336" ind1=" " ind2=" ">
<subfield code="a">text</subfield>
<subfield code="b">txt</subfield>
<subfield code="2">rdacontent</subfield>
</datafield>
<datafield tag="337" ind1=" " ind2=" ">
<subfield code="a">unmediated</subfield>
<subfield code="b">n</subfield>
<subfield code="2">rdamedia</subfield>
</datafield>
<datafield tag="338" ind1=" " ind2=" ">
<subfield code="a">volume</subfield>
<subfield code="b">nc</subfield>
<subfield code="2">rdacarrier</subfield>
</datafield>
<datafield tag="490" ind1="1" ind2=" ">
<subfield code="6">880-04</subfield>
<subfield code="a">Min makhṭūṭāt Maktabat Āyat Allāh al-Marʻashī al-ʻĀmmah ;</subfield>
<subfield code="v">5</subfield>
</datafield>
<datafield tag="504" ind1=" " ind2=" ">
<subfield code="a">Includes bibliographical references and indexes.</subfield>
</datafield>
<datafield tag="650" ind1=" " ind2="0">
<subfield code="a">Muslims</subfield>
<subfield code="v">Biography.</subfield>
</datafield>
<datafield tag="650" ind1=" " ind2="7">
<subfield code="a">Chiisme.</subfield>
<subfield code="2">ram</subfield>
</datafield>
<datafield tag="650" ind1=" " ind2="7">
<subfield code="a">Sectes islamiques.</subfield>
<subfield code="2">ram</subfield>
</datafield>
<datafield tag="650" ind1=" " ind2="7">
<subfield code="a">Muslims.</subfield>
<subfield code="2">fast</subfield>
<subfield code="0">(OCoLC)fst01031029</subfield>
</datafield>
<datafield tag="655" ind1=" " ind2="7">
<subfield code="a">Biography.</subfield>
<subfield code="2">fast</subfield>
<subfield code="0">(OCoLC)fst01423686</subfield>
</datafield>
<datafield tag="700" ind1="1" ind2=" ">
<subfield code="6">880-05</subfield>
<subfield code="a">Ḥusaynī, Aḥmad.</subfield>
</datafield>
<datafield tag="776" ind1="0" ind2="8">
<subfield code="i">Online version:</subfield>
<subfield code="a">Afandī, ʻAbd Allāh ibn ʻĪsá, -approximately 1718.</subfield>
<subfield code="t">Riyāḍ al-ʻulamāʼ wa-ḥiyāḍ al-fuḍalāʼ.</subfield>
<subfield code="d">[Qum : Maktabat Āyat Allāh al-Marʻashī al-ʻĀmmah, 1401 i.e. 1981]</subfield>
<subfield code="w">(OCoLC)612983944</subfield>
</datafield>
<datafield tag="880" ind1="1" ind2=" ">
<subfield code="6">100-01/</subfield>
<subfield code="a">افندي، عبد الله بن عيسى،,</subfield>
<subfield code="d">-approximately 1718.</subfield>
</datafield>
<datafield tag="880" ind1="1" ind2="0">
<subfield code="6">245-02/</subfield>
<subfield code="a">رياض العلماء وحياض الفضلاء /</subfield>
<subfield code="c">عبد الله افندي الاصبهاني ؛ تحقيق احمد الحسيني.</subfield>
</datafield>
<datafield tag="880" ind1=" " ind2=" ">
<subfield code="6">260-03/</subfield>
<subfield code="a">قم، ايران :</subfield>
<subfield code="b">[مكتبة آية الله المرعشي العامة]،</subfield>
<subfield code="c">[1401 i.e. 1981]</subfield>
</datafield>
<datafield tag="880" ind1="1" ind2=" ">
<subfield code="6">490-04/</subfield>
<subfield code="a">من مخطوطات مكتبة آية اللة المرعشي العامة.</subfield>
<subfield code="v">5</subfield>
</datafield>
<datafield tag="880" ind1="1" ind2=" ">
<subfield code="6">700-05/</subfield>
<subfield code="a">حسيني، احمد.</subfield>
</datafield>
<datafield tag="830" ind1=" " ind2="0">
<subfield code="6">880-06</subfield>
<subfield code="a">Min makhṭūṭāt Maktabat Āyat Allāh al-Marʻashī al-ʻĀmmah ;</subfield>
<subfield code="v">5.</subfield>
</datafield>
<datafield tag="880" ind1=" " ind2="0">
<subfield code="6">830-06/</subfield>
<subfield code="a">من مخطوطات مكتبة آية الله المرعشي العامة ؛</subfield>
<subfield code="v">5.</subfield>
</datafield>
<datafield tag="OWN" ind1=" " ind2=" ">
<subfield code="a">GENERAL</subfield>
</datafield>
<datafield tag="AVA" ind1=" " ind2=" ">
<subfield code="a">NYU50</subfield>
<subfield code="b">BOBST</subfield>
<subfield code="c">Main Collection</subfield>
<subfield code="d">BP70 .A28 1981</subfield>
<subfield code="e">available</subfield>
<subfield code="t">Available</subfield>
<subfield code="f">6</subfield>
<subfield code="g">0</subfield>
<subfield code="h">Y</subfield>
<subfield code="i">0</subfield>
<subfield code="j">MAIN</subfield>
<subfield code="k">0</subfield>
</datafield>
</record>
